@article{ww,
    author =       "Ulrike von Luxburg",
    title =        "{A tutorial on spectral clustering}",
    year =         "2007"
}

@article{ww,
    author = "Vincent D. Blondel, Jean-Loup Guillaume, Renaud Lambiotte, Etienne Lefebvre",
    title = "{Fast unfolding of communities in large networks}",
    year = "2008"
}
@article{ww,
    author = {Vincent Traag, Ludo Waltman, Nees Jan van Eck},
    title = {From Louvain to Leiden: guaranteeing well-connected communities},
    year = {2019}
}
@article{WW,
    author = {Andrew Y. Ng, Michael I. Jordan, Yair Weiss},
    title = {On Spectral Clustering:
    Analysis and an algorithm }
}


@online{Networkx,
    url       = "https://networkx.org/documentation/stable/reference/algorithms/generated/networkx.algorithms.community.louvain.louvain_communities.html"
}

@online{sklearn,
    title = "Machine Learning in Python", 
    url       = "https://scikit-learn.org/stable/modules/generated/sklearn.cluster.SpectralClustering.html"
}


