@online{github,
  title  = {GitHub Repository: Graph Algorithms Project},
  author = {Abdelbast Nassiri and Maximilian Stollmayer},
  url    = {https://github.com/maxstolly/Graph-Algorithms-Project/}
}
@article{spectral,
  title  = {A tutorial on spectral clustering},
  author = {Ulrike von Luxburg},
  year   = {2007},
  url    = {https://arxiv.org/abs/0711.0189}
}
@article{louvain,
  title  = {Fast unfolding of communities in large networks},
  author = {Vincent D. Blondel, Jean-Loup Guillaume, Renaud Lambiotte and Etienne Lefebvre},
  year   = {2008},
  url    = {https://arxiv.org/abs/0803.0476}
}
@online{networkx,
  title = {Louvain Community Detection in NetworkX},
  url   = {https://networkx.org/documentation/stable/reference/algorithms/generated/networkx.algorithms.community.louvain.louvain_communities.html}
}
@online{sklearn,
  title = {K-means Clustering in SciKit Learn},
  url   = {https://scikit-learn.org/stable/modules/generated/sklearn.cluster.KMeans.html#sklearn.cluster.KMeans}
}
@article{GNN1,
  title  = {Attention, Learn to Solve Routing Problems!},
  author = {Wouter Kool, Herke van Hoof and Max Welling},
  year   = {2019},
  url    = {https://arxiv.org/abs/1803.08475}
}
@article{GNN2,
  title  = {Learning the Travelling Salesperson Problem Requires Rethinking Generalization},
  author = {Chaitanya K. Joshi, Quentin Cappart, Louis-Martin Rousseau and Thomas Laurent},
  year   = {2022},
  url    = {https://arxiv.org/abs/2006.07054}
}
@article{coherence,
  title  = {Exploring the Space of Topic Coherence Measures},
  author = {Michael RÃ¶der, Andreas Both and Alexander Hinneburg},
  year   = {2015},
  url    = {http://svn.aksw.org/papers/2015/WSDM_Topic_Evaluation/public.pdf}
}
